<record><leader>00000cas a22000007a 4500</leader><controlfield tag="001">18253239</controlfield><controlfield tag="008">880722d187u188upauwr ne      0    0eng d</controlfield><datafield ind1=" " ind2=" " tag="010"><subfield code="a">sn 88080848 </subfield></datafield><datafield ind1=" " ind2=" " tag="040"><subfield code="a">NPH</subfield><subfield code="b">eng</subfield><subfield code="c">NPH</subfield><subfield code="d">OCLCQ</subfield></datafield><datafield ind1=" " ind2=" " tag="042"><subfield code="a">msc</subfield></datafield><datafield ind1="0" ind2="0" tag="245"><subfield code="a">Dillsburg bulletin.</subfield></datafield><datafield ind1=" " ind2=" " tag="260"><subfield code="a">Dillsburg, York Co., Pa. :</subfield><subfield code="b">J.B. Morrow</subfield></datafield><datafield ind1=" " ind2=" " tag="300"><subfield code="a">v. ;</subfield><subfield code="c">56 cm.</subfield></datafield><datafield ind1=" " ind2=" " tag="310"><subfield code="a">Weekly</subfield></datafield><datafield ind1=" " ind2=" " tag="588"><subfield code="a">Description based on: Vol. 4, no. 20 (Apr. 23, 1880).</subfield></datafield><datafield ind1=" " ind2=" " tag="752"><subfield code="a">United States</subfield><subfield code="b">Pennsylvania</subfield><subfield code="c">York</subfield><subfield code="d">Dillsburg.</subfield></datafield><datafield ind1="0" ind2="0" tag="780"><subfield code="t">Dillsburg new era</subfield><subfield code="w">(DLC)sn 86005336</subfield></datafield><datafield ind1="0" ind2="0" tag="785"><subfield code="t">Dillsburg weekly bulletin</subfield><subfield code="w">(DLC)sn 87080074</subfield></datafield></record>